1877 2249
904 98 961 138 12⁴

138 205 178 239 in
201 206 342 241 somnis
364 216 521 241 cernere
545 216 586 240 se
611 205 784 241 meminit
808 209 1062 244 narrationem
1087 208 1146 243 est
1169 216 1401 244 accessurus.
1456 206 1570 250 Quod
1596 219 1646 244 ex
1669 206 1719 245 iis

97 332 101 336 ι
142 293 236 329 quae
259 282 477 319 adhortanti
502 283 607 329 gallo
632 284 836 331 respondet
859 287 1070 323 clarissime
1094 289 1258 335 apparet.
1283 269 1288 272 Ι
1321 283 1514 322 Putabam
1544 286 1600 321 ait
1635 270 1721 323 mo-

145 360 286 398 lestum
310 361 382 399 tibi
405 372 465 399 me
486 362 681 413 sulm-um,
706 363 744 400 si
769 363 888 402 etiam
908 365 1008 402 haee
1033 373 1277 402 enm-rorem.
1332 363 1464 411 Neque
1495 363 1634 412 gallum
1665 365 1723 412 ip-

147 452 230 476 sum
261 441 381 488 fugit,
421 442 622 489 Micyllum
660 453 712 499 ea
743 443 899 479 silentio
931 443 1234 490 praetermittere
1273 442 1386 481 velle,
1424 452 1510 477 nam
1550 443 1724 478 excitare

147 520 273 556 studet
297 531 381 556 eum
404 524 443 556 et
468 521 698 568 compellere
723 520 772 557 ad
796 519 894 556 hanc
919 518 1177 556 narrationem
1201 518 1446 556 incitamento
1460 530 1599 556 coenae
1615 519 1724 556 illius

148 598 370 634 memoriter
408 601 599 647 tamquam
641 598 868 635 ruminando
910 597 1172 634 retractandae
1212 600 1324 645 atque
1357 598 1412 634 ita
1445 594 1581 644 iterum
1615 598 1725 646 quasi

152 675 344 712 obeundae
368 675 551 712 adhibito.
600 677 774 724 Ineptum
799 677 920 724 igitur
943 676 1090 728 suisset,
1132 678 1167 712 si
1199 677 1320 724 gallus
1343 676 1604 715 adhortationi
1636 688 1726 713 suae

155 753 256 788 illud
288 753 402 797 prius
434 753 666 799 addidisset,
699 765 782 789 cum
815 757 945 800 aperte
977 754 1084 797 nulla
1116 756 1166 792 sit
1199 756 1305 802 optio
1336 758 1376 791 et
1408 754 1640 802 praepositio
1673 754 1727 790 al-

155 831 273 866 terius
300 833 355 865 rei
387 841 478 877 prae
504 831 643 873 altera3
677 841 788 878 quam
813 830 990 877 ineptiam
1014 831 1185 879 feliciter
1209 837 1378 868 removet
1401 833 1574 880 egregius
1599 831 1728 868 Gorli-

155 910 279 945 censis
304 909 436 945 codex.

252 1067 296 1111 5'.
323 1065 360 1103 9.
384 1077 422 1111 p.
447 1066 518 1114 35,
544 1065 578 1102 1.
615 1066 709 1101 Cum
726 1068 774 1102 ad
793 1067 1017 1104 sententiam
1033 1066 1194 1103 fortasse
1209 1077 1283 1101 non
1300 1066 1424 1100 minus
1449 1066 1538 1100 bene
1565 1068 1604 1101 et
1629 1069 1730 1104 recte

159 1147 375 1191 ἀναστρέψας
393 1149 433 1178 τὰ
455 1144 629 1189 τριβώνιον
652 1146 678 1181 i.
704 1158 734 1181 e.
766 1147 973 1183 invertens
994 1145 1154 1192 pallium
1176 1144 1381 1180 secundnm
1406 1143 1577 1196 codicem
1602 1143 1731 1179 Gorli-

161 1235 307 1260 censem
334 1225 410 1271 legi
435 1224 566 1272 possit,
591 1236 702 1272 quam
727 1225 971 1270 ἀντιστρέψας,
1000 1236 1096 1272 quae
1120 1227 1180 1260 est
1211 1219 1366 1270 vulgata
1391 1222 1518 1263 lectio,
1542 1221 1615 1259 hoc
1639 1234 1732 1270 quo*

162 1316 235 1350 que
266 1305 352 1339 loco
392 1304 438 1339 ab
476 1304 699 1339 auctoritate
740 1304 1054 1350 praestantissimi
1092 1302 1237 1339 codicis
1269 1312 1343 1337 non
1378 1300 1628 1336 recedendum
1664 1303 1731 1335 est.

162 1383 351 1419 Summam
375 1385 523 1417 constat
546 1382 585 1416 in
609 1382 952 1429 praepositionibus
976 1382 1076 1418 inter
1105 1392 1145 1417 se
1179 1379 1453 1416 confundendis
1478 1390 1566 1428 esse*
1582 1378 1733 1414 librari-

164 1473 269 1497 orum
294 1460 589 1496 inconstantiam
613 1463 653 1495 et
677 1459 885 1505 licentiam,
918 1471 992 1507 qua
1021 1460 1069 1494 de
1095 1469 1136 1494 re
1161 1457 1232 1493 cfr.
1265 1458 1488 1504 epimetrum
1519 1459 1558 1493 in
1582 1456 1734 1493 Walzii

165 1542 274 1588 epist.
300 1541 385 1576 crit.
401 1515 459 1575 »ad
484 1539 710 1576 Boissonad.
745 1552 779 1586 p.
804 1539 970 1582 56-76.‚
1004 1537 1068 1583 qui
1092 1537 1140 1572 ‹le
1165 1536 1436 1582 permutatione
1461 1535 1735 1582 particularum

167 1617 232 1654 ἀνά
256 1622 295 1654 et
318 1616 398 1652 ἄντί
418 1621 557 1653 testem·
576 1617 669 1653 citat
684 1617 846 1657 Jacobs.
871 1616 919 1651 ad
944 1614 1130 1650 Phiiostr.
1156 1613 1291 1660 imagg.
1316 1627 1350 1661 p.
1376 1617 1456 1652 334.
1518 1613 1625 1648 Haec
1653 1613 1737 1658 ipsa

165 1708 258 1733 vero
290 1695 340 1731 de
372 1695 509 1742 quibus
539 1693 604 1729 hic
636 1694 782 1740 agimus
814 1692 994 1729 vocabula
1030 1687 1232 1734 ἀναστρέψω
1265 1694 1303 1725 et
1335 1690 1546 1735 ἀντιστρέφει)
1582 1689 1737 1726 confusa

166 1778 254 1812 sunt
286 1775 328 1810 in
361 1773 517 1809 Lucian.
549 1771 638 1807 dial.
672 1771 777 1806 deor.
811 1771 846 1814 8,
880 1773 931 1813 1.‚
977 1768 1040 1803 ubi
1065 1766 1154 1807 cod.
1188 1766 1428 1815 Guelferbyt.
1461 1753 1740 1812 ἐπιστρέφουσιν

168 1851 333 1899 praebet,
357 1850 476 1886 ceteri
499 1847 775 1892 ἀναστρέφουσιν.

262 2009 308 2055 §-
333 2007 399 2044 15.
430 2017 469 2052 p.
495 2004 567 2054 47,
593 2005 632 2042 3.
699 2005 779 2041 Pro
814 2004 863 2039 iis
895 2013 991 2050 quae
1023 2001 1140 2048 vulgo
1174 2001 1388 2041 scribuntur
1419 2003 1504 2037 πολύ
1533 1998 1740 2041 ἀθλιώτερον

171 2076 263 2132 ὖμιῶν
283 2089 342 2123 τὸν
365 2087 437 2131 βίον
461 2083 576 2131 βιοὶσι
598 2083 718 2120 codex
743 2081 978 2118 Gorlicensis
1010 2079 1166 2116 exhibet
1195 2082 1282 2114 πολυ*
1308 2076 1401 2121 ὑμῶν
1430 2076 1638 2121 ἀθλιώτερον
1669 2079 1741 2123 βίον
