1877 2249
909 70 963 109 21

91 210 93 214 .
148 184 409 224 Gorlicensem
424 181 609 228 colligere
629 181 765 218 licebit
779 184 965 234 scriptum
987 190 1070 218 esse
1092 180 1138 216 ab
1160 179 1310 215 homine
1333 190 1408 215 non
1432 180 1545 216 docto
1563 180 1713 228 quidem

147 267 185 300 et
209 235 378 304 erudito,
410 260 549 306 quippe
572 257 638 305 qui
657 258 776 295 facile
798 270 953 312 errores·
971 259 1063 295 illos
1087 260 1127 293 et
1149 257 1281 293 menda
1306 256 1503 303 evitasset,
1532 259 1600 294 sed
1624 259 1713 294 dili—

146 339 365 386 gentissimo
390 337 597 383 eodemque
620 336 928 382 religiosissimo,
959 338 1026 383 qni
1049 336 1162 371 etiam
1186 335 1250 370 ubi
1274 336 1474 370 verborum
1498 347 1595 382 quae
1619 337 1712 371 scri-

146 415 358 452 bebat-vim
381 417 421 449 et
443 413 664 450 sententiam
687 424 763 448 non
786 409 1034 450 intellexerat
1056 417 1180 449 tamen
1203 413 1406 461 archetypi
1429 414 1564 449 menda
1586 414 1712 450 fideli-

146 498 207 529 ter
238 492 513 528 transscribere
543 502 655 538 quam
677 491 857 536 mendose
887 492 1087 528 emendare
1109 492 1248 528 mallet.
1298 491 1445 534 Quodsi
1476 495 1602 529 autem
1623 503 1714 528 vera

146 575 254 614 sunt,
286 581 382 617 quae
404 569 518 605 modo
543 569 752 616 disputavi,
781 581 827 605 eo
859 573 1044 616 majorem
1073 572 1177 616 patet
1200 579 1282 605 esse
1305 568 1422 605 fidem
1445 573 1484 605 et
1508 570 1713 606 auctorita-

115 644 118 646 *
145 654 222 686 tem
245 649 393 684 codicis
410 649 643 691 Gorlicensis
658 660 778 695 neque
798 648 996 695 indignum
1019 647 1121 682 hunc
1144 647 1302 690 librum,
1325 647 1374 682 de
1397 659 1471 694 quo
1494 648 1585 686 talia
1607 659 1712 694 prae-

145 728 343 770 dicentur,
376 726 506 772 qualia
531 710 701 773 'legimus
731 726 832 773 apud
854 721 1116 762 Fritzs'chium
1139 727 1185 767 inv
1201 727 1436 772 quaestionn.
1464 727 1647 763 Luciann.
1673 738 1709 772 p.

144 805 325 842 XXVII.
350 807 389 839 et
411 804 510 850 apud
533 804 577 840 C.
595 804 638 839 F.
654 803 907 840 Hermannum
930 805 971 839 in
994 804 1291 847 Zimmermanni
1314 805 1505 852 ephemer.
1529 804 1709 841 scholast.

145 898 178 921 a.
206 886 307 921 1831.
332 895 388 918 nr.
412 884 471 918 91.
496 895 533 928 p.
558 884 660 927 723„
696 882 959 920 Gorlicensem
981 886 1175 930 praestare
1200 885 1337 920 ceteris
1357 875 1532 920 ⁸omnibus
1550 883 1710 919 Luciani
1753 892 1758 897 ’

145 962 337 999 codicibus
369 972 479 997 manu
510 961 685 1008 scriptis,
719 964 875 1008 ejusque
906 962 1087 998 lectiones
1119 964 1263 997 tantum
1293 973 1369 998 non
1395 963 1534 1009 ubique
1558 962 1600 997 in
1624 965 1708 997 tex-

145 1046 224 1076 tum
248 1052 328 1076 esse
351 1041 598 1086 recipiendas.
641 1040 695 1075 Et
718 1041 971 1086 unusquisque
1003 1052 1088 1076 cum
1112 1041 1269 1076 Klotzio
1303 1041 1535 1084 consentiet,
1567 1040 1707 1075 ceteris

144 1119 305 1155 Luciani
341 1103 466 1158 libris,
503 1118 704 1164 praecipue
734 1114 926 1178 Parisinis
960 1116 1063 1155 2955.
1089 1116 1136 1154 'et
1168 1119 1293 1161 3⁰11„
1329 1120 1474 1164 majore
1508 1116 1708 1163 diligentia
1740 1140 1745 1144 ·

145 1207 256 1245 quam
288 1196 413 1233 adhuc
436 1196 578 1233 factum
602 1197 772 1241 collatis,
805 1196 924 1249 magis
956 1196 1068 1232 etiam
1099 1197 1215 1243 liujus
1248 1197 1341 1233 libri
1371 1197 1639 1233 auctoritatem
1670 1199 1708 1231 et

146 1276 411 1322 praestantiam
434 1276 624 1322 cognitum
649 1275 700 1310 iri
725 1277 901 1311 censente
923 1287 958 1321 p.
987 1276 1042 1312 16.
1070 1287 1123 1323 sq.
1148 1288 1184 1322 p.
1210 1279 1266 1312 21.
1291 1288 1326 1322 p.
1353 1277 1408 1312 23.
1434 1287 1469 1321 p.
1493 1277 1551 1311 37.

280 1449 383 1489 potui)
403 1459 515 1480 nomen
534 1449 753 1490 appellativum
780 1447 928 1486 κολοσσός
946 1460 1111 1491 perperam
1130 1456 1289 1482 exaratum
1311 1459 1389 1481 esse·
1400 1449 1514 1481 initiali
1534 1450 1627 1481 litera
1647 1459 1705 1480 un-

284 1504 358 1536 ciali
378 1516 468 1544 quam
488 1513 607 1536 vocant.

1792 541 1806 560 ὶ
