1877 2249
934 63 989 104 20

170 170 277 216 sequi
301 182 371 207 nos
395 175 575 218 quantum
598 172 789 218 potuimus
812 175 975 220 probare
997 183 1126 212 sumus
1140 173 1278 211 'conati
1300 178 1366 212 aut
1394 175 1554 224 denique
1576 182 1744 226 praeter-

170 249 361 286 missionis
385 261 500 287 causa
522 254 600 287 tam
623 254 755 298 aperta
778 255 857 298 est,
888 255 931 289 ut
954 252 1051 290 fides
1065 257 1105 290 et
1119 254 1328 290 auctoritas
1342 254 1490 291 codicis
1507 256 1614 293 nullo
1630 259 1743 294 modo

171 338 216 361 ea
239 327 487 363 labefactetur
510 330 575 362 aut
606 332 779 375 suspecta
803 329 996 365 reddatur.
1051 329 1138 373 Quo
1161 342 1213 367 ex
1236 342 1374 378 genere
1397 333 1580 368 nonnulla
1598 336 1681 379 jam
1703 335 1745 369 in

170 405 241 449 iis,
282 387 378 452 quae
410 405 594 441 hactenus
625 407 807 453 exposui,
854 412 1143 445 commemorata
1176 412 1283 454 sunt,
1315 409 1398 447 alia
1425 392 1612 456 quaedam
1643 422 1745 446 nunc

168 484 337 520 afferam.
395 485 461 520 Sic
492 485 526 530 ἓ.
556 488 610 521 12.
637 497 720 533 pag.
744 488 803 530 43,
829 488 860 520 1.
877 483 937 522 ὥς
960 485 1150 521 excidisse
1172 486 1289 522 credo
1313 489 1471 534 propter
1485 487 1649 523 similem
1665 492 1744 524 ter-

148 562 411 598 -minationem
440 564 618 600 vocabuli
647 565 824 612 proxime
856 564 1137 612 praecedenti83
1177 564 1211 610 ξ.
1235 567 1293 601 22.
1326 576 1362 612 p.
1387 559 1505 610 62,'6.
1536 568 1594 600 καὶ
1615 564 1746 608 ἀγῶνας

170 642 299 677 omisit
320 642 501 678 librarius
525 645 571 679 ab
588 646 710 681 altero
727 646 777 681 ad
793 646 951 691 alterum
974 646 1034 678 καί
1053 645 1259 684 aberrans3
1289 643 1323 688 ἕ.
1349 644 1406 679 26.
1433 655 1471 690 Ρ.
1495 644 1555 688 73,
1578 642 1612 680 5.
1636 643 1745 690 plura
1788 632 1795 638 ’

171 721 287 755 verba
310 720 469 764 desunt,
503 722 593 767 quia
615 725 738 758 totum
762 734 911 759 versum
935 721 1135 768 exempli,
1159 721 1263 768 quod
1285 721 1547 762 describebat,
1582 722 1744 768 legendo

170 798 383 833 transsiluit
407 799 605 841 librarius3
639 800 731 835 ibid.
757 811 793 835 v.
818 802 851 837 9.
885 802 945 842 τῆς
967 799 1117 844 omisit,
1148 800 1257 835 facili
1278 782 1411 848 lapsu,
1444 799 1494 836 ob
1518 799 1745 847 praeceden-

171 877 225 911 tia
247 880 306 920 τῆς
327 878 438 921 τομῆς.
484 878 616 926 Neque
639 879 792 915 omnino
817 881 858 915 in
882 879 1015 915 codice
1039 879 1258 915 Gorlicensi
1281 890 1524 927 quaecunque
1552 879 1640 920 >sine
1660 889 1744 914 sen-

170 956 307 992 tentiae
338 957 475 992 damno
507 958 637 993 abesse
667 961 825 1005 possunt
855 958 978 994 deleta
1009 970 1159 1005 semper
1181 957 1536 1001 animadvertimuS,
1572 957 1637 1003 qui
1661 967 1743 992 mos

170 1041 252 1071 erat
283 1042 397 1084 atque
428 1037 642 1075 etiamnunc
673 1042 730 1073 est
766 1039 987 1073 criticorum
1011 1036 1244 1084 quorundam
1267 1026 1596 1082 perversissimus3
1626 1037 1744 1071 immo

170 1116 290 1150 multa
319 1127 342 1151 a
372 1117 645 1153 recentioribus
678 1116 840 1152 Luciani
872 1114 1082 1151 editoribus
1114 1115 1153 1148 et
1187 1123 1209 1148 a
1234 1110 1395 1148 Klotzio
1419 1113 1504 1159 ipso
1527 1115 1670 1160 partim
1693 1124 1744 1149 ex

170 1194 239 1228 illo
273 1194 353 1228 solo
387 1195 526 1240 partim
558 1206 607 1230 ex
640 1197 722 1240 ejus
752 1204 1030 1241 paucorumque
1055 1193 1217 1228 aliorum
1241 1192 1423 1227 bonorum
1447 1191 1630 1234 librorum
1654 1204 1744 1229 con-

171 1273 282 1306 sensu
311 1273 471 1319 primum
503 1274 545 1308 in
578 1274 763 1309 orationis
797 1272 1013 1308 Lucianeae
1044 1271 1181 1307 seriem
1214 1273 1367 1317 recepta
1398 1274 1495 1306 sunt.
1544 1271 1662 1330 Cujus
1686 1272 1744 1306 rei

172 1349 342 1396 exempla
364 1350 557 1386 cumulare
578 1351 731 1398 longum
747 1353 817 1386 est.
862 1331 1023 1385 Accedit
1045 1349 1149 1396 quod
1173 1350 1286 1386 etiam
1310 1349 1397 1385 aliis
1421 1338 1532 1386 rebus
1555 1349 1744 1386 sinceram

170 1427 285 1463 fidem
317 1428 648 1475 integritatemque
680 1429 778 1464 liber
811 1428 1049 1464 Gorlicensis
1080 1430 1259 1474 praestat.
1307 1427 1457 1472 Quodsi
1485 1428 1586 1463 enim
1618 1438 1743 1474 gram-

171 1506 312 1541 matico
337 1506 451 1541 alicui
475 1507 508 1541 is
533 1507 634 1541 liber
658 1507 845 1553 originem
878 1509 944 1563 aut
966 1504 1228 1541 condicionem
1257 1507 1295 1540 et
1316 1505 1477 1542 formam
1501 1516 1608 1547 suam
1631 1506 1742 1541 debe-

172 1571 250 1628 ret,
283 1584 434 1630 inepta,
467 1586 599 1630 aperte
624 1582 744 1627 salsa,
775 1585 943 1617 monstra
966 1581 1174 1617 lectionum
1196 1592 1378 1629 nusquam
1409 1583 1451 1617 in
1482 1591 1529 1618 eo
1553 1574 1742 1618 invenir'e-

170 1674 274 1707 mus,
313 1631 457 1709 'qualia‘
476 1638 815 1709 deprehunduntur
846 1661 880 1707 §-
906 1661 962 1697 17.
992 1672 1025 1707 p.
1051 1659 1109 1705 50,
1132 1660 1166 1696 6.
1198 1658 1315 1703 ἄχρως
1336 1671 1406 1707 pro
1429 1659 1510 1704 ἄχρι
1531 1660 1594 1703 δή,
1626 1660 1661 1706 §.
1685 1663 1741 1698 19.

172 1753 206 1787 p.
219 1740 279 1786 57,
296 1742 331 1777 8.
363 1739 476 1784 ὤπηεν
488 1751 558 1788 pro
582 1738 721 1780 ὤπυιεν,
753 1739 786 1786 ξ.
803 1742 862 1776 22.
889 1752 924 1788 p.
942 1740 1000 1785 62,
1025 1742 1060 1777 9.
1078 1737 1384 1807 Ἀκοει·εκχοιλ.ιιὶζησοις
1406 1742 1440 1777 ἐς
1461 1751 1532 1788 pro
1556 1738 1743 1780 κατεχαλά-

172 1821 292 1863 ζησας,
324 1820 417 1855 ibid.
451 1832 487 1866 p.
513 1820 573 1865 63,
598 1823 630 1856 1.
667 1820 815 1863 διορὲξας
846 1831 915 1866 pro
948 1818 1121 1864 διορύξας,
1155 1818 1191 1865 §0
1213 1820 1271 1855 24.
1300 1830 1337 1866 p.
1364 1819 1423 1863 69,
1444 1819 1479 1854 3.
1508 1820 1579 1855 τοῖς
1606 1817 1743 1861 drumm

172 1907 241 1943 pro
264 1896 323 1940 τῆς
344 1895 545 1942 ἄγνοίας,*)
575 1897 607 1943 §.
633 1897 689 1933 26.
714 1909 750 1944 p.
775 1898 834 1941 74,
858 1900 913 1933 12.
947 1896 1066 1935 παιδός
1088 1908 1158 1945 pro
1182 1896 1292 1935 ποδός.
1330 1896 1437 1933 -Jure
1460 1896 1578 1943 igitur
1601 1896 1741 1933 librum

252 2013 279 2046 ⁸)
313 2011 429 2040 Eadem
451 2013 648 2050 paragrapho
675 2013 724 2042 24.
755 2018 785 2041 et
805 2011 950 2050 proxima
970 2013 1019 2043 25.
1041 2012 1131 2050 quasi
1151 2012 1347 2052 praeteriens
1367 2021 1477 2042 moneo
1497 2011 1531 2040 in
1551 2010 1741 2041 editionibus

312 2077 372 2097 non
394 2067 494 2098 solum
515 2068 686 2100 Lehmanni
709 2068 763 2098 sed
785 2067 877 2099 etiam
898 2067 1067 2099 Fritzschii
1090 2074 1121 2099 et
1139 2068 1260 2100 Klotzii
1290 2067 1383 2106 (alias
1402 2067 1560 2108 inspicere
1579 2076 1660 2097 nunc
1679 2076 1742 2097 non
1806 2066 1809 2069 ’
