1877 2249
856 112 961 153 -18

145 224 242 259 sima
265 209 487 258 mihi'ccrte
512 222 697 258 videntur.
747 222 826 265 Qui
857 223 977 270 igitur
1000 223 1262 260 Gorlicensem
1295 223 1645 277 codicem-scripsit
1668 224 1716 258 li-

145 303 294 337 brarius
321 301 397 337 hoc
420 301 504 337 loco
529 312 658 337 errore
682 301 876 338 oculorum
901 314 924 338 a
946 303 1073 350 priore
1096 300 1141 339 ὥς
1163 301 1212 336 ad
1235 302 1396 337 alterum
1420 303 1520 349 quod
1537 303 1717 350 sequitur,

144 366 190 418 ’ὠς
213 384 251 413 τὸ
274 383 360 413 πολύ
382 374 476 414 οὗτοι
507 378 668 423 οἷσφαλῶς
692 381 894 424 διέπτησαν,
935 381 1086 417 omissis
1113 362 1251 417 mediis
1276 380 1452 427 delapsus
1475 384 1543 416 est.
1592 381 1718 428 Atque

148 459 202 494 ita
239 470 323 493 cum
354 458 436 492 sine
467 456 582 493 dubio
613 459 729 494 etiam
759 457 1001 495 Reinholdus
1033 456 1212 495 Klotzius
1242 458 1291 493 de
1323 457 1398 493 hoc
1432 458 1518 493 loco
1547 458 1718 503 sentiret,

149 540 289 573 intacta
314 547 387 570 non
414 536 536 581 sol-um
561 535 601 570 in
625 535 826 582 scriptoris
851 536 1025 573 oratione
1058 529 1139 573 illa—
1155 538 1270 573 verba
1303 539 1405 571 recte
1434 538 1471 571 et
1495 537 1604 572 caute
1628 537 1718 572 reli-

149 617 252 663 quit,
288 615 355 650 sed
383 615 497 649 etiam
521 614 561 648 in
586 612 890 649 annotationibus
915 614 1014 651 nihil
1033 618 1164 651 contra
1182 625 1227 651 ea
1242 614 1414 661 protulit.
1462 614 1516 649 Et
1540 625 1610 660 ego
1626 626 1718 661 quo-

149 708 221 743 que
254 694 408 730 silentio
443 692 545 728 hunc
580 694 703 729 locum
733 690 1015 740 praeteriissem
1048 695 1114 729 aut
1137 696 1238 729 certe
1263 696 1338 728 tam
1363 693 1481 729 multa
1504 693 1621 729 verba
1644 703 1718 729 non

149 774 346 816 fecissem,
378 771 453 806 nisi
478 771 522 806 C.
547 771 590 805 F.
612 769 888 814 Hermannum,
918 771 1042 805 virum
1065 770 1357 805 eruditissimum
1383 774 1421 804 et
1444 770 1718 816 gravissimum,

150 856 190 888 in
209 863 289 888 eam
307 850 488 886 vidissem
507 848 730 884 sententiam
746 847 952 887 inclinare,
976 850 1018 883 ut
1040 848 1166 883 locum
1190 847 1238 883 de
1263 847 1551 895 interpolatione
1570 859 1719 895 suspec-

152 936 229 966 tum
255 927 461 965 secundum
487 926 632 961 codicis
656 926 895 962 Gorlicensis
925 927 1190 961 auctoritatem
1222 927 1492 961 immutandum
1514 927 1718 973 judicaret.

242 1086 285 1128 §-
311 1082 381 1121 29.
403 1094 441 1128 p.
467 1080 537 1130 81,
563 1081 603 1118 3.
637 1083 687 1118 Τίς
710 1077 806 1118 οὗτος
814 1095 826 1120 ,-
849 1080 917 1124 ὁρῶ
939 1084 976 1117 σε’
997 1094 1054 1125 γε,
1085 1079 1113 1118 ὦ
1136 1080 1318 1125 τοιχωρύχε
1326 1097 1339 1122 ,·
1371 1082 1475 1118 Haec
1499 1083 1613 1118 verba
1638 1083 1720 1118 edit

151 1165 255 1200 Simo
280 1163 497 1209 opulentus,
529 1159 592 1205 qui
629 1160 743 1195 etiam
768 1163 881 1194 noctu
906 1159 1046 1195 anxius
1070 1160 1117 1195 de
1141 1159 1287 1196 divitiis
1312 1160 1390 1195 suis
1413 1171 1618 1209 somnoque
1641 1161 1719 1208 pri-

150 1247 258 1279 vatus
283 1252 350 1288 per
372 1244 489 1275 totam
514 1238 666 1273 domum
690 1236 963 1284 circumagitur
986 1237 1185 1285 subitoque
1208 1236 1331 1285 furem
1355 1217 1396 1273 se
1420 1250 1574 1275 cernere
1590 1239 1721 1286 opina-

149 1324 222 1355 tur.
272 1318 349 1354 Sed
367 1318 486 1354 codex
503 1315 740 1353 Gorlicensis
758 1315 902 1350 omittit
920 1314 1076 1351 voculas
1099 1327 1137 1357 γε
1160 1310 1197 1350 ὦ.
1245 1315 1485 1351 Rectissime.
1531 1316 1628 1352 Nam
1653 1327 1721 1353 cur

150 1397 302 1432 tandem
321 1395 395 1431 hoc
411 1396 496 1431 loco
512 1397 549 1428 σε’
563 1403 767 1439 pronomen
786 1392 1004 1428 restrictiva
1020 1392 1211 1439 particula
1233 1394 1271 1434 γέ
1295 1393 1577 1440 distinguatur?
1600 1394 1720 1431 Nulla

150 1475 299 1509 omnino
324 1474 383 1509 vis
407 1476 466 1507 est
488 1472 529 1505 in
553 1469 788 1516 pronomine.
836 1468 946 1504 Hanc
970 1473 1095 1505 autem
1119 1470 1345 1517 particulam
1369 1473 1406 1512 γέ
1432 1477 1580 1508 constat
1603 1474 1719 1509 libra-

149 1553 228 1587 rios
262 1550 362 1585 male
394 1558 503 1594 saepe
536 1548 726 1583 invexisse
759 1556 868 1592 saepe
901 1546 1091 1591 omisisse,
1126 1545 1197 1583 cfr.
1223 1547 1427 1584 Hermann.
1453 1548 1503 1584 ad
1525 1549 1719 1597 Aristoph.

150 1629 262 1665 nubb.
279 1629 360 1665 399.
383 1627 545 1664 Porson.
567 1626 616 1660 ad
632 1625 767 1672 Eurip.
790 1623 964 1659 Phoenn.
974 1624 1076 1659 1366.
1110 1623 1352 1661 Fritzschius
1369 1625 1418 1660 ad
1430 1625 1586 1661 Lucian.
1612 1626 1719 1662 dian.

150 1709 272 1744 deorr.
298 1708 334 1750 7,
361 1709 392 1741 1.
441 1703 592 1739 Deinde
616 1704 729 1740 etiam
754 1699 782 1738 ὦ
813 1700 878 1737 hic
909 1712 1040 1748 pamm
1064 1704 1190 1748 aptum
1214 1706 1292 1742 est,
1330 1714 1416 1740 nam
1440 1703 1482 1739 id
1507 1703 1636 1740 deesse
1650 1715 1720 1740 ,εο-

149 1788 247 1825 lere,
278 1786 312 1819 si
346 1784 430 1830 quis
461 1780 661 1817 minaciter
692 1784 757 1816 aut
787 1780 1016 1816 concitatius
1050 1780 1248 1827 loquatur,
1284 1783 1430 1829 pariter
1461 1785 1587 1817 notum
1620 1793 1719 1819 nunc

148 1868 206 1899 est
229 1867 266 1898 et
289 1862 541 1908 exploratum.
588 1860 694 1902 Quae
719 1859 767 1894 de
791 1858 866 1894 hac
889 1859 1092 1895 omissione
1113 1860 1323 1907 particulae
1346 1858 1374 1895 ὦ
1397 1864 1483 1896 ante
1506 1863 1719 1899 vocativum

147 1952 273 1977 casum
309 1940 358 1974 Η.
390 1938 428 1973 J.
461 1938 655 1980 Urbanus,
695 1936 966 1972 dilectissimus
998 1938 1168 1985 collega,
1206 1940 1246 1973 in
1285 1944 1562 1985 programmate
1597 1940 1718 1976 nostri

146 2018 338 2067 gymnasii
374 2027 407 2052 a.
436 2016 539 2051 1836.
564 2027 602 2062 p.
636 2016 669 2051 6.
695 2015 818 2057 dixit,
851 2015 903 2050 iis
932 2026 1031 2051 nunc
1065 2015 1165 2052 addo
1188 2015 1441 2052 Bornemann.
1467 2017 1515 2052 ad
1538 2016 1716 2065 Xenoph.

146 2107 311 2144 sympos.
339 2107 371 2141 p.
394 2093 541 2139 145.sq.
586 2093 788 2129 Hermann.
813 2092 861 2126 ad
888 2091 1004 2138 Soph.
1031 2092 1128 2128 Oed.
1154 2093 1240 2129 Col.
1267 2093 1370 2130 1350.
1409 2093 1540 2130 Klotz.
1567 2095 1615 2130 ad
1639 2094 1716 2129 Lu-
