1877 2249
907 115 959 156 14

138 231 214 262 tam
232 226 341 273 parvi
365 225 546 261 momenti
561 234 643 260 esse
661 222 759 259 mihi
782 222 972 264 videntur,
996 226 1038 259 ut
1061 226 1183 261 totum
1206 224 1333 259 locum
1349 225 1460 270 plane
1484 236 1534 260 ex
1549 225 1711 261 auctori-

138 308 216 341 tate
247 303 383 351 optimi
417 302 510 338 libri
541 302 646 350 typis
678 300 910 337 exarandum
940 300 1058 338 fuisse
1089 291 1189 339 mihi'
1219 308 1442 350 persuasum
1474 303 1537 338 sit.
1601 301 1711 349 'Nam

137 384 240 432 quod
263 384 367 419 inter
389 383 466 418 alia
489 381 587 417 dicit
610 380 812 420 Klotzius,
834 356 908 416 hoc
932 380 1016 417 loco
1041 391 1192 417 causam
1215 391 1410 428 apparere,
1440 391 1509 415 cur
1533 380 1710 416 librarius

133 463 206 498 illa
227 463 344 499 verba
367 461 535 507 potuerit
558 459 748 503 omittere,
772 469 855 494 cum
879 459 1023 495 similes
1048 460 1184 496 literae
1207 459 1268 496 his
1293 461 1332 495 in
1357 459 1558 495 sententiis
1574 462 1710 499 essent,

133 542 183 577 τίς
204 537 246 583 ἦν
268 542 306 575 et
327 541 379 576 τίς
400 535 522 583 οὖν“ἦν
540 541 658 585 ,atque
682 537 794 579 ὥσπερ
818 534 860 571 σύ
883 540 922 572 et
945 537 1066 572 εἰδέναι
1089 537 1153 583 σύ,
1191 538 1282 574 huic
1310 536 1586 581 observationi,
1617 537 1709 572 licet
1733 558 1742 563 -

134 629 202 664 per
217 629 258 653 se
271 618 363 653 etin
382 617 469 652 aliis
486 617 584 652 locis
601 614 803 652 verissima
820 614 883 658 sit,
900 617 1026 649 tamen
1044 613 1111 649 hic
1125 625 1199 650 non
1216 614 1374 649 multum
1391 613 1566 660 equidem
1579 614 1706 650 tribuo

136 707 255 743 neque
283 707 505 743 quemquam
537 694 652 730 credo
685 693 845 729 multum
875 692 1123 737 tributurum,
1152 692 1216 739 qui
1249 693 1373 728 locum
1405 691 1617 728 accuratius
1649 691 1707 726 in-

135 772 315 820 spexerit.
383 772 491 807 Haec
522 771 622 806 enim
646 770 843 805 literamm
874 768 1109 809 similitudo,
1141 769 1176 805 si
1208 770 1365 805 librario
1397 768 1527 805 fraudi
1558 768 1706 813 fuisset,

135 834 235 885 nihil
261 849 366 884 aliud
391 850 548 885 efficere
573 850 744 895 poterat,
777 857 889 893 quam
921 850 970 904 ut*
987 851 1142 894 propter
1166 848 1270 894 prius
1302 850 1352 884 τίς
1373 845 1414 890 ἦν
1447 848 1708 883 omitterentur

134 929 251 966 verba
275 938 371 975 quae
396 930 605 980 sequuntur
628 936 744 973 usque
768 925 818 961 ad
842 926 1031 973 posterius
1054 927 1104 964 τίς
1127 924 1186 963 οὖν
1207 925 1259 971 ἦν,
1283 926 1542 963 aberrantibus
1556 924 1706 960 librarii

135 1006 256 1043 oculis
280 1007 328 1041 ab
352 1006 472 1041 altero
498 1005 547 1040 ad
571 1005 735 1040 alterum
757 1001 817 1051 ἦν,
851 1008 916 1038 aut
945 1004 1077 1039 eadem
1101 1004 1248 1039 ratione
1272 1007 1313 1039 ut
1345 1007 1501 1051 propter
1530 1003 1640 1045 ὥσπερ
1664 1002 1707 1036 σύ

135 1086 402 1122 omitterentur
425 1085 561 1129 onmia,
586 1095 681 1131 quae
704 1083 806 1119 inter
831 1083 906 1119 hoc
923 1087 962 1119 et
976 1071 1138 1129 alterum
1163 1080 1204 1117 σύ
1226 1082 1349 1117 locum
1364 1080 1513 1117 habent.
1555 1080 1704 1116 Deinde

135 1164 237 1211 quod
261 1168 299 1200 et
326 1164 401 1199 hoc
425 1164 512 1198 loco
536 1165 575 1197 et
599 1173 634 1208 p.
659 1161 717 1197 87.
781 1159 962 1206 Klotzius
986 1160 1033 1195 de
1056 1158 1135 1195 fide
1158 1158 1344 1194 librorum
1375 1157 1435 1194 vel
1467 1157 1705 1203 optimorum,

134 1241 248 1277 etiam
273 1240 531 1283 Gmlicensis,
568 1240 607 1273 in
639 1236 858 1274 omittendis
881 1237 1008 1273 verbis
1033 1238 1182 1285 saepius
1215 1235 1460 1272 dubitandum
1490 1246 1572 1271 esse
1602 1234 1703 1270 arbi-

133 1321 267 1361 tratur,
305 1316 344 1351 in
376 1317 592 1353 universum
616 1313 766 1360 quidem
799 1313 841 1348 id
871 1325 1002 1351 verum
1034 1319 1092 1351 est
1123 1319 1237 1362 atque
1269 1315 1394 1350 nullus
1426 1314 1575 1354 omnino
1606 1314 1704 1349 liber

132 1399 210 1431 tam
234 1396 353 1431 bonus
378 1397 515 1439 exstat,
545 1393 636 1440 quin
666 1391 732 1427 hic
755 1391 838 1427 illic
854 1390 962 1428 vfalsa
986 1395 1023 1428 et
1055 1396 1232 1440 corrupta
1261 1395 1299 1428 et
1331 1391 1491 1428 absurda
1522 1390 1702 1438 submini-

132 1477 248 1518 stret3
273 1477 438 1510 attamen
462 1473 576 1508 etiam
600 1471 702 1507 infra
725 1471 958 1506 Gorlicensis
981 1471 1096 1506 fidem
1120 1471 1321 1506 defendere
1347 1471 1519 1506 conabor.

225 1631 271 1676 §0
295 1629 362 1678 17.
384 1641 422 1677 p.
446 1628 513 1679 51,
538 1627 579 1664 ¹7.
625 1626 745 1662 Πόθεν
774 1628 894 1665 ἐκεῖνος
922 1628 1091 1671 ἠπίστατο
1114 1625 1142 1663 ὦ
1164 1611 1322 1668 Μίκυλλέ,
1346 1628 1381 1664 ὃς
1403 1629 1601 1670 γιγνομένων
1623 1629 1701 1662 ὲκεί-

130 1720 197 1743 νων
218 1706 362 1752 κάμηλος
391 1710 427 1742 ὲν
448 1691 608 1749 Βάκτρόις
629 1702 690 1750 ἦν,·
727 1704 862 1750 Codex
892 1705 1126 1740 Gorlicensis
1157 1705 1253 1751 legit
1283 1705 1320 1741 ὃς
1350 1706 1528 1746 γινομένων
1558 1703 1700 1746 κάμηλος

130 1798 159 1820 κ.
182 1797 213 1821 τ.
236 1791 285 1827 λ.,
319 1785 512 1822 indicante
551 1784 601 1821 R.
633 1763 795 1820 Klotzio
836 1783 876 1819 in
917 1783 1123 1836 addendis,
1162 1793 1257 1831 quae
1291 1783 1329 1817 in
1363 1785 1533 1823 extremo
1564 1781 1698 1827 libello

129 1864 315 1911 leguntur.
377 1864 455 1908 Qui
483 1862 524 1899 'si
556 1863 655 1898 hanc
683 1862 883 1898 lectionem
911 1863 994 1906 jam
1023 1864 1124 1905 tum,
1165 1871 1249 1895 cum
1290 1858 1392 1894 hunc
1423 1858 1549 1894 locum
1591 1858 1698 1906 typis

130 1942 362 1980 exarandum
387 1932 566 1987 curabat,
590 1943 776 1978 enotatam
798 1939 1004 1980 habuisset,
1026 1951 1100 1976 non
1125 1939 1256 1975 dubito
1279 1938 1370 1986 quin
1394 1936 1526 1973 eadem
1550 1927 1697 1973 ratione

126 2022 324 2062 γινομένων,
355 2029 432 2054 non
463 2020 682 2061 γιγνομένων,
718 2015 784 2052 hic
816 2015 1054 2063 scripsisset,
1083 2000 1158 2064 {lua
1183 2015 1212 2061 §.
1238 2018 1294 2052 24.
1326 2028 1362 2063 p.
1386 2017 1446 2061 69,
1469 2018 1504 2052 4.
1539 2014 1697 2062 scripsit

126 2099 362 2141 συνεγινωσκον
392 2099 430 2133 et
452 2094 482 2142 ξ.
508 2095 565 2133 25.
590 2108 625 2142 p.
649 2098 708 2140 71,
733 2098 787 2133 11.
814 2097 992 2138 ἐγγίνεται,
1024 2095 1088 2130 ubi
1121 2094 1193 2131 cfr.
1227 2105 1324 2141 quae
1355 2094 1561 2133 annotavit.
1618 2093 1696 2132 Sed
