1877 2249
907 90 960 132 16

141 200 228 244 ἁλμῇ
257 206 314 236 τὸν
344 200 463 244 κηρόν,
511 202 559 236 ut
591 199 860 246 adsperyatur
896 211 1183 254 nonnunquam
1221 203 1341 240 saleis
1377 201 1568 248 fiuctibus
1611 215 1716 243 cera.

141 281 250 322 Quae
276 280 367 315 licet
390 291 459 325 per
481 290 521 314 se
538 278 700 315 Luciani
722 279 848 315 lactea
865 280 1036 316 ubertate
1059 283 1099 316 et
1114 281 1216 316 dulci
1231 271 1421 328 elegantia
1438 282 1542 317 haud
1562 280 1718 329 indigna

140 360 236 400 sint,
269 364 395 396 tamen
420 361 467 396 ab
492 359 624 406 aliquo
648 358 774 395 otioso
797 358 950 396 homine
982 359 1072 412 addi
1104 358 1223 396 facile
1253 360 1421 407 potuisse
1445 360 1606 409 ideoque
1629 373 1717 409 pro—

141 440 320 475 babiliter
344 451 365 474 e
388 439 593 484 scriptoris
618 428 791 473 oratione
813 438 1006 483 ejicienda
1029 438 1150 474 fuisse
1175 438 1219 473 G.
1246 438 1291 473 F.
1318 438 1558 474 nen-mannus
1582 438 1717 474 existi-

141 522 231 562 mat,
257 521 365 563 cujus
389 516 577 553 sententia
601 516 764 552 fortasse
788 517 902 552 etiam
927 524 971 552 eo
988 513 1208 551 confirmari
1225 515 1360 560 possit,
1383 515 1484 561 quod
1509 515 1581 550 illa
1604 516 1719 551 verba

141 607 225 631 cum
242 595 407 631 Daedali
433 594 609 636 historia,
636 597 678 629 ut
701 604 723 628 a
748 594 886 629 ceteris
902 592 1150 640 scriptoribus
1165 591 1247 627 fere
1266 595 1454 637 narratur,
1478 602 1610 638 parum
1628 603 1717 627 con-

86 690 89 693 ·
142 685 277 721 gruere
301 673 513 710 videantur.
564 649 786 707 Notum-est
810 672 931 716 enim,
967 671 1187 718 plerumque
1211 658 1268 706 ita
1292 670 1391 706 hanc
1416 670 1579 706 fabulam
1602 658 1717 715 tradi,

142 752 293 787 Icarum
327 750 559 785 admonitum
593 760 676 784 esse
707 759 729 784 a
752 751 859 795 patre
884 748 1079 793 Daedalo,
1117 752 1159 783 ut
1181 759 1228 783 ne
1261 748 1375 784 altius
1408 749 1595 793 evolaret,
1629 752 1719 784 tune

142 830 242 865 enim
266 839 396 864 cereas
419 828 498 862 alas
529 827 620 863 solis
650 826 780 862 radios
811 827 1083 873 liquefacturos
1107 837 1210 870 esse,
1242 837 1335 863 neve
1358 827 1557 879 demissius
1589 828 1718 863 volatu

142 907 329 945 ferretur,
365 907 455 952 quia
488 910 578 940 tunc
611 904 795 938 montium
828 905 1061 951 turriumque
1092 904 1349 940 cacuminibus
1374 905 1488 940 allidi
1511 905 1719 941 velsetiam

143 987 227 1020 alae
241 984 357 1018 maris
383 981 564 1016 fluctibus
580 980 754 1015 madidae
778 965 1009 1027 inutilesque
1033 982 1082 1016 ad
1106 977 1308 1017 volandum
1333 981 1444 1016 reddi
1464 984 1626 1026 possent,
1651 982 1718 1016 sed

146 1067 186 1099 ut
211 1061 337 1097 medio
362 1061 437 1095 iret
461 1046 687 1095 tutissimus,
747 1057 812 1094 Sic
837 1058 1003 1095 Ovidius
1028 1061 1110 1095 Art.
1136 1059 1256 1096 Amat.
1282 1059 1337 1095 Π.
1363 1059 1421 1097 57.
1446 1071 1527 1107 sqq.

308 1203 361 1232 Me
383 1200 494 1240 pennis
515 1206 636 1230 sectare
656 1198 757 1236 datis,
787 1208 847 1237 ego
867 1199 1014 1239 praevius
1036 1198 1101 1233 ibo,

387 1273 436 1303 Sit
458 1278 509 1301 tua
531 1281 606 1301 cura
627 1271 750 1309 sequi,
769 1280 817 1300 me
836 1271 916 1300 duce
936 1276 1019 1301 tutus
1042 1271 1116 1301 eris.

306 1347 384 1376 Nam
406 1344 474 1373 sive
493 1343 649 1373 aetherias
671 1342 775 1372 vicino
796 1343 864 1372 sole
883 1351 941 1381 per
960 1352 1053 1372 auras

390 1412 526 1446 Ibimus,
557 1413 723 1452 impatiens
745 1421 816 1442 cera
838 1412 952 1442 caloris
975 1413 1054 1448 erit;

308 1485 385 1516 Sive
406 1485 540 1515 humiles
561 1485 712 1524 propiore
732 1485 813 1514 freto
831 1484 1018 1523 jactabimus
1039 1484 1115 1519 alas,

390 1557 520 1587 Mobilis
541 1558 707 1594 aequoreis
728 1565 829 1596 penna
850 1557 1005 1587 madescet
1026 1556 1126 1594 aquis.

308 1629 396 1658 Inter
417 1634 580 1665 utrumque
602 1627 682 1656 vola.

147 1764 254 1799 Idem
280 1763 435 1798 Metam.
460 1763 576 1800 VIII.
603 1764 682 1800 203.
708 1775 764 1810 sq.

309 1856 440 1886 Instruit
460 1861 492 1887 et
512 1862 615 1887 natum
637 1856 801 1895 medioque
821 1862 855 1887 ut
875 1856 973 1888 limite
994 1867 1102 1889 curras

310 1927 400 1956 Icare
419 1925 464 1955 ait
484 1935 612 1964 moneo,
638 1936 696 1964 ne,
724 1927 752 1957 si
771 1925 939 1958 demissior
959 1927 1034 1964 ibis,

311 1997 403 2027 Unda
424 2002 532 2035 gravet
552 2006 687 2037 pennas,
715 1997 744 2028 si
765 1998 901 2033 celsior,
928 1997 1012 2036 ignis
1033 1998 1150 2029 adurat.

312 2071 399 2100 Inter
420 2075 584 2108 utrumque
604 2071 683 2116 vola.
