<?xml version="1.0" encoding="UTF-8"?>
<!DOCTYPE html PUBLIC "-//W3C//DTD XHTML 1.0 Transitional//EN"
    "http://www.w3.org/TR/xhtml1/DTD/xhtml1-transitional.dtd">
<html xmlns="http://www.w3.org/1999/xhtml" xml:lang="en" lang="en">
 <head>
  <title>
</title>
<meta http-equiv="Content-Type" content="text/html;charset=utf-8" />
  <meta name='ocr-system' content='tesseract 3.04.00' />
  <meta name='ocr-capabilities' content='ocr_page ocr_carea ocr_par ocr_line ocrx_word'/>
</head>
<body>
  <div class='ocr_page' id='page_1' title='image "4737948_0023.png"; bbox 0 0 1877 2249; ppageno 0'>
   <div class='ocr_carea' id='block_1_1' title="bbox 915 109 967 149">
    <p class='ocr_par' dir='ltr' id='par_1_1' title="bbox 915 109 967 149">
     <span class='ocr_line' id='line_1_1' title="bbox 915 109 967 149; baseline 0 0"><span class='ocrx_word' id='word_1_1' title='bbox 915 109 967 149; x_wconf 83' lang='lat'><strong>17</strong></span> 
     </span>
    </p>
   </div>
   <div class='ocr_carea' id='block_1_2' title="bbox 834 170 1049 177">
    <p class='ocr_par' dir='ltr' id='par_1_2' title="bbox 834 170 1049 177">
     <span class='ocr_line' id='line_1_2' title="bbox 834 170 1049 177; baseline 0 2072"><span class='ocrx_word' id='word_1_2' title='bbox 834 170 1049 177; x_wconf 95' lang='lat' dir='ltr'><strong> </strong></span> 
     </span>
    </p>
   </div>
   <div class='ocr_carea' id='block_1_3' title="bbox 148 217 1023 401">
    <p class='ocr_par' dir='ltr' id='par_1_3' title="bbox 148 217 1023 401">
     <span class='ocr_line' id='line_1_3' title="bbox 148 217 1023 266; baseline -0.001 -10"><span class='ocrx_word' id='word_1_3' title='bbox 148 220 292 256; x_wconf 81' lang='lat' dir='ltr'>Seneca</span> <span class='ocrx_word' id='word_1_4' title='bbox 315 218 484 265; x_wconf 81' lang='lat' dir='ltr'><strong>tragicus</strong></span> <span class='ocrx_word' id='word_1_5' title='bbox 507 217 663 255; x_wconf 81' lang='lat' dir='ltr'><strong>Hercul.</strong></span> <span class='ocrx_word' id='word_1_6' title='bbox 689 218 776 255; x_wconf 83' lang='lat' dir='ltr'><strong>Oet.</strong></span> <span class='ocrx_word' id='word_1_7' title='bbox 800 229 835 255; x_wconf 80' lang='lat' dir='ltr'><strong>v.</strong></span> <span class='ocrx_word' id='word_1_8' title='bbox 858 220 941 259; x_wconf 81' lang='grc'><strong>683.</strong></span> <span class='ocrx_word' id='word_1_9' title='bbox 966 230 1023 266; x_wconf 88' lang='lat' dir='ltr'><strong>sq.</strong></span> 
     </span>
     <span class='ocr_line' id='line_1_4' title="bbox 262 294 843 328; baseline -0.007 0"><span class='ocrx_word' id='word_1_10' title='bbox 262 326 265 328; x_wconf 86' lang='lat'>.</span> <span class='ocrx_word' id='word_1_11' title='bbox 302 294 443 326; x_wconf 79' lang='lat' dir='ltr'><strong>Medium</strong></span> <span class='ocrx_word' id='word_1_12' title='bbox 465 294 546 324; x_wconf 87' lang='lat' dir='ltr'><strong>coeli</strong></span> <span class='ocrx_word' id='word_1_13' title='bbox 568 294 641 323; x_wconf 76' lang='lat' dir='ltr'><strong>dun</strong></span> <span class='ocrx_word' id='word_1_14' title='bbox 661 294 762 326; x_wconf 71' lang='lat' dir='ltr'><strong>sulcet</strong></span> <span class='ocrx_word' id='word_1_15' title='bbox 781 294 843 325; x_wconf 81' lang='lat' dir='ltr'><strong>iter</strong></span> 
     </span>
     <span class='ocr_line' id='line_1_5' title="bbox 306 365 867 401; baseline 0.002 -4"><span class='ocrx_word' id='word_1_16' title='bbox 306 365 423 397; x_wconf 83' lang='lat' dir='ltr'><strong>Tenuit</strong></span> <span class='ocrx_word' id='word_1_17' title='bbox 441 365 551 397; x_wconf 70' lang='lat' dir='ltr'><strong>Latias</strong></span> <span class='ocrx_word' id='word_1_18' title='bbox 570 365 730 398; x_wconf 72' lang='lat' dir='ltr'>Daedalus</span> <span class='ocrx_word' id='word_1_19' title='bbox 749 375 823 398; x_wconf 71' lang='lat' dir='ltr'><strong>oras</strong></span> <span class='ocrx_word' id='word_1_20' title='bbox 853 378 867 401; x_wconf 46' lang='lat'><strong>⁷,</strong></span> 
     </span>
    </p>
   </div>
   <div class='ocr_carea' id='block_1_4' title="bbox 308 437 836 477">
    <p class='ocr_par' dir='ltr' id='par_1_4' title="bbox 308 437 836 477">
     <span class='ocr_line' id='line_1_6' title="bbox 308 437 836 477; baseline 0.002 -9"><span class='ocrx_word' id='word_1_21' title='bbox 308 438 458 477; x_wconf 86' lang='lat' dir='ltr'><strong>Nullique</strong></span> <span class='ocrx_word' id='word_1_22' title='bbox 478 437 564 468; x_wconf 81' lang='lat' dir='ltr'>dedit</span> <span class='ocrx_word' id='word_1_23' title='bbox 584 437 708 469; x_wconf 76' lang='lat' dir='ltr'><strong>nomina</strong></span> <span class='ocrx_word' id='word_1_24' title='bbox 727 444 836 477; x_wconf 80' lang='lat' dir='ltr'><strong>ponto.</strong></span> 
     </span>
    </p>
   </div>
   <div class='ocr_carea' id='block_1_5' title="bbox 147 527 1191 786">
    <p class='ocr_par' dir='ltr' id='par_1_5' title="bbox 147 527 1191 786">
     <span class='ocr_line' id='line_1_7' title="bbox 147 527 698 574; baseline -0.002 -10"><span class='ocrx_word' id='word_1_25' title='bbox 147 529 266 564; x_wconf 80' lang='lat' dir='ltr'>Silius</span> <span class='ocrx_word' id='word_1_26' title='bbox 290 527 415 563; x_wconf 86' lang='lat' dir='ltr'><strong>Italic.</strong></span> <span class='ocrx_word' id='word_1_27' title='bbox 439 527 536 563; x_wconf 85' lang='lat' dir='ltr'>XII.</span> <span class='ocrx_word' id='word_1_28' title='bbox 560 529 617 564; x_wconf 70' lang='lat'><strong>94.</strong></span> <span class='ocrx_word' id='word_1_29' title='bbox 641 535 698 574; x_wconf 71' lang='lat' dir='ltr'><strong>sq·</strong></span> 
     </span>
     <span class='ocr_line' id='line_1_8' title="bbox 293 603 1191 645; baseline -0.001 -12"><span class='ocrx_word' id='word_1_30' title='bbox 293 605 496 645; x_wconf 74' lang='lat' dir='ltr'>Suspensum</span> <span class='ocrx_word' id='word_1_31' title='bbox 517 604 569 634; x_wconf 85' lang='lat' dir='ltr'><strong>hic</strong></span> <span class='ocrx_word' id='word_1_32' title='bbox 588 603 706 635; x_wconf 77' lang='lat' dir='ltr'><strong>librans</strong></span> <span class='ocrx_word' id='word_1_33' title='bbox 726 604 829 635; x_wconf 73' lang='lat' dir='ltr'><strong>medin</strong></span> <span class='ocrx_word' id='word_1_34' title='bbox 847 603 929 642; x_wconf 84' lang='lat' dir='ltr'><strong>iuter</strong></span> <span class='ocrx_word' id='word_1_35' title='bbox 948 603 1056 634; x_wconf 86' lang='lat' dir='ltr'><strong>nubila</strong></span> <span class='ocrx_word' id='word_1_36' title='bbox 1078 611 1191 642; x_wconf 86' lang='lat' dir='ltr'><strong>corpus</strong></span> 
     </span>
     <span class='ocr_line' id='line_1_9' title="bbox 254 671 1044 716; baseline -0.005 -7"><span class='ocrx_word' id='word_1_37' title='bbox 254 705 264 708; x_wconf 62' lang='lat'>,</span> <span class='ocrx_word' id='word_1_38' title='bbox 304 677 420 709; x_wconf 78' lang='lat' dir='ltr'><strong>Enavit</strong></span> <span class='ocrx_word' id='word_1_39' title='bbox 441 686 636 716; x_wconf 85' lang='lat' dir='ltr'><strong>superosque</strong></span> <span class='ocrx_word' id='word_1_40' title='bbox 655 686 754 708; x_wconf 83' lang='lat' dir='ltr'><strong>novus</strong></span> <span class='ocrx_word' id='word_1_41' title='bbox 776 671 949 707; x_wconf 78' lang='lat' dir='ltr'><strong>conterruit</strong></span> <span class='ocrx_word' id='word_1_42' title='bbox 967 676 1044 706; x_wconf 77' lang='lat' dir='ltr'><strong>ales.</strong></span> 
     </span>
     <span class='ocr_line' id='line_1_10' title="bbox 305 728 1157 786; baseline -0.002 -9"><span class='ocrx_word' id='word_1_43' title='bbox 305 749 418 778; x_wconf 80' lang='lat' dir='ltr'><strong>Natum</strong></span> <span class='ocrx_word' id='word_1_44' title='bbox 438 747 531 778; x_wconf 76' lang='lat' dir='ltr'><strong>etiam</strong></span> <span class='ocrx_word' id='word_1_45' title='bbox 552 747 659 778; x_wconf 84' lang='lat' dir='ltr'><strong>docuit</strong></span> <span class='ocrx_word' id='word_1_46' title='bbox 679 728 856 783; x_wconf 66' lang='lat' dir='ltr'><strong>salsuesub</strong></span> <span class='ocrx_word' id='word_1_47' title='bbox 877 747 1012 785; x_wconf 78' lang='lat' dir='ltr'>imagine</span> <span class='ocrx_word' id='word_1_48' title='bbox 1032 748 1157 786; x_wconf 85' lang='lat' dir='ltr'><strong>plumae</strong></span> 
     </span>
    </p>
   </div>
   <div class='ocr_carea' id='block_1_6' title="bbox 311 818 755 848">
    <p class='ocr_par' dir='ltr' id='par_1_6' title="bbox 311 818 755 848">
     <span class='ocr_line' id='line_1_11' title="bbox 311 818 755 848; baseline 0.002 -1"><span class='ocrx_word' id='word_1_49' title='bbox 311 819 477 848; x_wconf 72' lang='lat' dir='ltr'><strong>Attentare</strong></span> <span class='ocrx_word' id='word_1_50' title='bbox 497 818 565 848; x_wconf 81' lang='lat' dir='ltr'><strong>vias</strong></span> <span class='ocrx_word' id='word_1_51' title='bbox 586 819 755 848; x_wconf 84' lang='lat' dir='ltr'><strong>volucrum.</strong></span> 
     </span>
    </p>
   </div>
   <div class='ocr_carea' id='block_1_7' title="bbox 143 906 1714 2048">
    <p class='ocr_par' dir='ltr' id='par_1_7' title="bbox 143 906 1714 2048">
     <span class='ocr_line' id='line_1_12' title="bbox 236 906 1713 954; baseline -0.001 -10"><span class='ocrx_word' id='word_1_52' title='bbox 236 907 342 950; x_wconf 81' lang='lat' dir='ltr'><strong>Quae</strong></span> <span class='ocrx_word' id='word_1_53' title='bbox 363 919 445 944; x_wconf 85' lang='lat' dir='ltr'><strong>cum</strong></span> <span class='ocrx_word' id='word_1_54' title='bbox 464 908 520 943; x_wconf 86' lang='lat' dir='ltr'><strong>ita</strong></span> <span class='ocrx_word' id='word_1_55' title='bbox 534 907 621 951; x_wconf 89' lang='lat' dir='ltr'><strong>sint,</strong></span> <span class='ocrx_word' id='word_1_56' title='bbox 646 907 716 942; x_wconf 82' lang='lat' dir='ltr'><strong>illa</strong></span> <span class='ocrx_word' id='word_1_57' title='bbox 730 907 846 942; x_wconf 73' lang='lat' dir='ltr'><strong>verba</strong></span> <span class='ocrx_word' id='word_1_58' title='bbox 860 907 980 953; x_wconf 78' lang='lat' dir='ltr'><strong>possit</strong></span> <span class='ocrx_word' id='word_1_59' title='bbox 997 906 1157 941; x_wconf 84' lang='lat' dir='ltr'><strong>fortasse</strong></span> <span class='ocrx_word' id='word_1_60' title='bbox 1174 906 1359 953; x_wconf 83' lang='lat' dir='ltr'>quispiam</span> <span class='ocrx_word' id='word_1_61' title='bbox 1374 909 1561 953; x_wconf 79' lang='lat' dir='ltr'><strong>conjicere</strong></span> <span class='ocrx_word' id='word_1_62' title='bbox 1578 917 1713 954; x_wconf 84' lang='lat' dir='ltr'><strong>parvae</strong></span> 
     </span>
     <span class='ocr_line' id='line_1_13' title="bbox 145 960 1712 1031; baseline 0 -10"><span class='ocrx_word' id='word_1_63' title='bbox 145 986 237 1021; x_wconf 85' lang='lat' dir='ltr'><strong>fidei</strong></span> <span class='ocrx_word' id='word_1_64' title='bbox 262 997 342 1021; x_wconf 86' lang='lat' dir='ltr'><strong>esse</strong></span> <span class='ocrx_word' id='word_1_65' title='bbox 367 989 406 1020; x_wconf 87' lang='lat' dir='ltr'><strong>et</strong></span> <span class='ocrx_word' id='word_1_66' title='bbox 429 984 653 1029; x_wconf 88' lang='lat' dir='ltr'><strong>subditicia‚</strong></span> <span class='ocrx_word' id='word_1_67' title='bbox 686 960 920 1028; x_wconf 81' lang='lat' dir='ltr'><strong>aLuciano‚</strong></span> <span class='ocrx_word' id='word_1_68' title='bbox 951 983 1208 1030; x_wconf 69' lang='lat' dir='ltr'><strong>mythical-um</strong></span> <span class='ocrx_word' id='word_1_69' title='bbox 1232 983 1445 1019; x_wconf 84' lang='lat' dir='ltr'><strong>fabularum</strong></span> <span class='ocrx_word' id='word_1_70' title='bbox 1467 987 1712 1031; x_wconf 82' lang='lat' dir='ltr'><strong>peritissimo,</strong></span> 
     </span>
     <span class='ocr_line' id='line_1_14' title="bbox 146 1062 1713 1111; baseline -0.001 -11"><span class='ocrx_word' id='word_1_71' title='bbox 146 1075 378 1111; x_wconf 82' lang='lat' dir='ltr'><strong>nequaquam</strong></span> <span class='ocrx_word' id='word_1_72' title='bbox 403 1062 595 1110; x_wconf 74' lang='lat' dir='ltr'><strong>profecta,v</strong></span> <span class='ocrx_word' id='word_1_73' title='bbox 633 1063 701 1099; x_wconf 83' lang='lat' dir='ltr'><strong>sed</strong></span> <span class='ocrx_word' id='word_1_74' title='bbox 734 1063 879 1099; x_wconf 87' lang='lat' dir='ltr'><strong>inserta</strong></span> <span class='ocrx_word' id='word_1_75' title='bbox 903 1063 1029 1109; x_wconf 87' lang='lat' dir='ltr'><strong>potius</strong></span> <span class='ocrx_word' id='word_1_76' title='bbox 1062 1072 1084 1096; x_wconf 85' lang='lat' dir='ltr'><strong>a</strong></span> <span class='ocrx_word' id='word_1_77' title='bbox 1108 1062 1381 1109; x_wconf 81' lang='lat' dir='ltr'><strong>grammatico,</strong></span> <span class='ocrx_word' id='word_1_78' title='bbox 1414 1063 1481 1109; x_wconf 87' lang='lat' dir='ltr'><strong>qui</strong></span> <span class='ocrx_word' id='word_1_79' title='bbox 1505 1064 1713 1110; x_wconf 83' lang='lat' dir='ltr'><strong>oppositio·</strong></span> 
     </span>
     <span class='ocr_line' id='line_1_15' title="bbox 146 1138 1713 1188; baseline -0.001 -11"><span class='ocrx_word' id='word_1_80' title='bbox 146 1154 232 1177; x_wconf 83' lang='lat' dir='ltr'><strong>nem</strong></span> <span class='ocrx_word' id='word_1_81' title='bbox 255 1142 357 1177; x_wconf 90' lang='lat' dir='ltr'><strong>iuter</strong></span> <span class='ocrx_word' id='word_1_82' title='bbox 379 1142 556 1186; x_wconf 88' lang='lat' dir='ltr'><strong>superbos</strong></span> <span class='ocrx_word' id='word_1_83' title='bbox 589 1141 782 1188; x_wconf 82' lang='lat' dir='ltr'><strong>elatosque</strong></span> <span class='ocrx_word' id='word_1_84' title='bbox 814 1138 953 1177; x_wconf 82' lang='lat' dir='ltr'><strong>divites</strong></span> <span class='ocrx_word' id='word_1_85' title='bbox 976 1143 1016 1175; x_wconf 86' lang='lat' dir='ltr'><strong>et</strong></span> <span class='ocrx_word' id='word_1_86' title='bbox 1038 1139 1231 1180; x_wconf 84' lang='lat' dir='ltr'><strong>modestos</strong></span> <span class='ocrx_word' id='word_1_87' title='bbox 1255 1140 1508 1187; x_wconf 87' lang='lat' dir='ltr'><strong>demissosque</strong></span> <span class='ocrx_word' id='word_1_88' title='bbox 1533 1152 1713 1187; x_wconf 79' lang='lat' dir='ltr'><strong>pauperes</strong></span> 
     </span>
     <span class='ocr_line' id='line_1_16' title="bbox 147 1203 1714 1273; baseline 0 -18"><span class='ocrx_word' id='word_1_89' title='bbox 147 1220 285 1256; x_wconf 79' lang='lat' dir='ltr'><strong>factam</strong></span> <span class='ocrx_word' id='word_1_90' title='bbox 308 1221 428 1268; x_wconf 86' lang='lat' dir='ltr'><strong>magis</strong></span> <span class='ocrx_word' id='word_1_91' title='bbox 452 1221 564 1257; x_wconf 86' lang='lat' dir='ltr'><strong>etiam</strong></span> <span class='ocrx_word' id='word_1_92' title='bbox 589 1203 820 1267; x_wconf 42' lang='lat' dir='ltr'><strong>exag‘gerare</strong></span> <span class='ocrx_word' id='word_1_93' title='bbox 844 1221 883 1254; x_wconf 87' lang='lat' dir='ltr'><strong>et</strong></span> <span class='ocrx_word' id='word_1_94' title='bbox 907 1217 956 1254; x_wconf 84' lang='lat' dir='ltr'><strong>ad</strong></span> <span class='ocrx_word' id='word_1_95' title='bbox 974 1217 1153 1273; x_wconf 62' lang='lat' dir='ltr'><strong>amussim</strong></span> <span class='ocrx_word' id='word_1_96' title='bbox 1170 1217 1328 1263; x_wconf 87' lang='lat' dir='ltr'><strong>exigere</strong></span> <span class='ocrx_word' id='word_1_97' title='bbox 1344 1217 1472 1254; x_wconf 79' lang='lat' dir='ltr'><strong>vellet.</strong></span> <span class='ocrx_word' id='word_1_98' title='bbox 1515 1218 1587 1254; x_wconf 88' lang='lat' dir='ltr'><strong>Sed</strong></span> <span class='ocrx_word' id='word_1_99' title='bbox 1605 1219 1714 1265; x_wconf 90' lang='lat' dir='ltr'><strong>plura</strong></span> 
     </span>
     <span class='ocr_line' id='line_1_17' title="bbox 145 1294 1712 1345; baseline -0.001 -12"><span class='ocrx_word' id='word_1_100' title='bbox 145 1302 244 1343; x_wconf 85' lang='lat' dir='ltr'><strong>sunt,</strong></span> <span class='ocrx_word' id='word_1_101' title='bbox 275 1310 370 1345; x_wconf 88' lang='lat' dir='ltr'><strong>quae</strong></span> <span class='ocrx_word' id='word_1_102' title='bbox 396 1300 488 1335; x_wconf 87' lang='lat' dir='ltr'><strong>huic</strong></span> <span class='ocrx_word' id='word_1_103' title='bbox 511 1302 749 1344; x_wconf 79' lang='lat' dir='ltr'><strong>conjecturae</strong></span> <span class='ocrx_word' id='word_1_104' title='bbox 773 1298 932 1334; x_wconf 82' lang='lat' dir='ltr'><strong>obstent.</strong></span> <span class='ocrx_word' id='word_1_105' title='bbox 980 1295 1078 1331; x_wconf 78' lang='lat' dir='ltr'><strong>Nam</strong></span> <span class='ocrx_word' id='word_1_106' title='bbox 1109 1295 1222 1342; x_wconf 83' lang='lat' dir='ltr'><strong>longe</strong></span> <span class='ocrx_word' id='word_1_107' title='bbox 1252 1299 1338 1330; x_wconf 85' lang='lat' dir='ltr'><strong>ante</strong></span> <span class='ocrx_word' id='word_1_108' title='bbox 1362 1294 1520 1331; x_wconf 86' lang='lat' dir='ltr'><strong>Luciani</strong></span> <span class='ocrx_word' id='word_1_109' title='bbox 1546 1301 1712 1342; x_wconf 87' lang='lat' dir='ltr'><strong>tempora</strong></span> 
     </span>
     <span class='ocr_line' id='line_1_18' title="bbox 144 1372 1710 1420; baseline 0 -10"><span class='ocrx_word' id='word_1_110' title='bbox 144 1376 308 1411; x_wconf 84' lang='lat' dir='ltr'><strong>fabulam</strong></span> <span class='ocrx_word' id='word_1_111' title='bbox 332 1377 440 1413; x_wconf 86' lang='lat' dir='ltr'><strong>illam</strong></span> <span class='ocrx_word' id='word_1_112' title='bbox 464 1378 513 1412; x_wconf 93' lang='lat' dir='ltr'><strong>de</strong></span> <span class='ocrx_word' id='word_1_113' title='bbox 537 1376 709 1413; x_wconf 85' lang='lat' dir='ltr'><strong>Daedalo</strong></span> <span class='ocrx_word' id='word_1_114' title='bbox 732 1375 809 1412; x_wconf 86' lang='lat' dir='ltr'><strong>hoc</strong></span> <span class='ocrx_word' id='word_1_115' title='bbox 831 1374 942 1410; x_wconf 90' lang='lat' dir='ltr'><strong>modo</strong></span> <span class='ocrx_word' id='word_1_116' title='bbox 966 1372 1240 1409; x_wconf 80' lang='lat' dir='ltr'><strong>conformatam</strong></span> <span class='ocrx_word' id='word_1_117' title='bbox 1264 1384 1366 1418; x_wconf 85' lang='lat' dir='ltr'><strong>esse,</strong></span> <span class='ocrx_word' id='word_1_118' title='bbox 1399 1386 1474 1420; x_wconf 87' lang='lat' dir='ltr'><strong>quo</strong></span> <span class='ocrx_word' id='word_1_119' title='bbox 1498 1375 1610 1410; x_wconf 91' lang='lat' dir='ltr'><strong>modo</strong></span> <span class='ocrx_word' id='word_1_120' title='bbox 1635 1375 1710 1410; x_wconf 90' lang='lat' dir='ltr'><strong>Lu-</strong></span> 
     </span>
     <span class='ocr_line' id='line_1_19' title="bbox 146 1451 1710 1500; baseline 0.002 -11"><span class='ocrx_word' id='word_1_121' title='bbox 146 1454 273 1490; x_wconf 86' lang='lat' dir='ltr'><strong>cianus</strong></span> <span class='ocrx_word' id='word_1_122' title='bbox 292 1465 375 1489; x_wconf 88' lang='lat' dir='ltr'><strong>eam</strong></span> <span class='ocrx_word' id='word_1_123' title='bbox 399 1456 676 1500; x_wconf 83' lang='lat' dir='ltr'><strong>commemorat,</strong></span> <span class='ocrx_word' id='word_1_124' title='bbox 700 1454 807 1490; x_wconf 85' lang='lat' dir='ltr'><strong>testis</strong></span> <span class='ocrx_word' id='word_1_125' title='bbox 822 1456 880 1489; x_wconf 80' lang='lat' dir='ltr'><strong>est</strong></span> <span class='ocrx_word' id='word_1_126' title='bbox 904 1453 1010 1488; x_wconf 89' lang='lat' dir='ltr'><strong>locus</strong></span> <span class='ocrx_word' id='word_1_127' title='bbox 1023 1451 1190 1487; x_wconf 85' lang='lat' dir='ltr'><strong>Diodori</strong></span> <span class='ocrx_word' id='word_1_128' title='bbox 1207 1451 1328 1487; x_wconf 85' lang='lat' dir='ltr'><strong>Siculi</strong></span> <span class='ocrx_word' id='word_1_129' title='bbox 1352 1465 1374 1487; x_wconf 87' lang='lat' dir='ltr'><strong>e</strong></span> <span class='ocrx_word' id='word_1_130' title='bbox 1400 1454 1499 1488; x_wconf 87' lang='lat' dir='ltr'><strong>libro</strong></span> <span class='ocrx_word' id='word_1_131' title='bbox 1516 1453 1589 1488; x_wconf 88' lang='lat' dir='ltr'><strong>lv.</strong></span> <span class='ocrx_word' id='word_1_132' title='bbox 1604 1466 1637 1489; x_wconf 90' lang='lat' dir='ltr'><strong>c.</strong></span> <span class='ocrx_word' id='word_1_133' title='bbox 1653 1455 1710 1493; x_wconf 90' lang='lat'><strong>77,</strong></span> 
     </span>
     <span class='ocr_line' id='line_1_20' title="bbox 145 1528 1709 1581; baseline -0.001 -14"><span class='ocrx_word' id='word_1_134' title='bbox 145 1532 209 1568; x_wconf 89' lang='lat' dir='ltr'><strong>ubi</strong></span> <span class='ocrx_word' id='word_1_135' title='bbox 241 1534 434 1581; x_wconf 79' lang='lat' dir='ltr'><strong>narratum</strong></span> <span class='ocrx_word' id='word_1_136' title='bbox 465 1533 544 1576; x_wconf 85' lang='lat' dir='ltr'><strong>est,</strong></span> <span class='ocrx_word' id='word_1_137' title='bbox 576 1530 680 1568; x_wconf 69' lang='grc' dir='ltr'><strong><em>αὐτὸν</em></strong></span> <span class='ocrx_word' id='word_1_138' title='bbox 710 1532 907 1576; x_wconf 74' lang='grc' dir='ltr'><strong>(Δαίδαλον)</strong></span> <span class='ocrx_word' id='word_1_139' title='bbox 938 1533 1033 1572; x_wconf 70' lang='grc' dir='ltr'><strong><em>παρά</em></strong></span> <span class='ocrx_word' id='word_1_140' title='bbox 1054 1533 1117 1573; x_wconf 74' lang='grc' dir='ltr'><strong>τήν</strong></span> <span class='ocrx_word' id='word_1_141' title='bbox 1143 1528 1324 1571; x_wconf 66' lang='grc' dir='ltr'><strong><em>θάλασσαν</em></strong></span> <span class='ocrx_word' id='word_1_142' title='bbox 1353 1530 1539 1573; x_wconf 77' lang='grc' dir='ltr'><strong><em>πετώμενον</em></strong></span> <span class='ocrx_word' id='word_1_143' title='bbox 1560 1534 1616 1566; x_wconf 70' lang='grc' dir='ltr'><strong>καὶ</strong></span> <span class='ocrx_word' id='word_1_144' title='bbox 1638 1537 1709 1575; x_wconf 73' lang='grc' dir='ltr'><strong>παρ’</strong></span> 
     </span>
     <span class='ocr_line' id='line_1_21' title="bbox 145 1607 1709 1654; baseline 0.001 -9"><span class='ocrx_word' id='word_1_145' title='bbox 145 1611 459 1652; x_wconf 53' lang='grc' dir='ltr'><strong><em>ἑααστοντέγγσηα</em></strong></span> <span class='ocrx_word' id='word_1_146' title='bbox 471 1610 535 1644; x_wconf 75' lang='grc' dir='ltr'><strong>τοῖς</strong></span> <span class='ocrx_word' id='word_1_147' title='bbox 551 1611 720 1652; x_wconf 73' lang='grc' dir='ltr'><strong><em>πτέρυγας</em></strong></span> <span class='ocrx_word' id='word_1_148' title='bbox 742 1611 955 1652; x_wconf 77' lang='grc' dir='ltr'><strong><em>διασωθῆναι</em></strong></span> <span class='ocrx_word' id='word_1_149' title='bbox 970 1607 1173 1651; x_wconf 75' lang='grc' dir='ltr'><strong><em>παραδόξως.</em></strong></span> <span class='ocrx_word' id='word_1_150' title='bbox 1211 1609 1362 1644; x_wconf 85' lang='lat' dir='ltr'><strong>Deinde</strong></span> <span class='ocrx_word' id='word_1_151' title='bbox 1376 1610 1522 1654; x_wconf 84' lang='lat' dir='ltr'><strong>etiamsi</strong></span> <span class='ocrx_word' id='word_1_152' title='bbox 1540 1611 1709 1646; x_wconf 86' lang='lat' dir='ltr'><strong>codicem</strong></span> 
     </span>
     <span class='ocr_line' id='line_1_22' title="bbox 146 1686 1709 1733; baseline -0.002 -7"><span class='ocrx_word' id='word_1_153' title='bbox 146 1690 413 1726; x_wconf 85' lang='lat' dir='ltr'><strong>Gorlicensem</strong></span> <span class='ocrx_word' id='word_1_154' title='bbox 428 1687 551 1723; x_wconf 88' lang='lat' dir='ltr'><strong>secuti</strong></span> <span class='ocrx_word' id='word_1_155' title='bbox 575 1686 647 1722; x_wconf 85' lang='lat' dir='ltr'><strong>illa</strong></span> <span class='ocrx_word' id='word_1_156' title='bbox 662 1688 777 1724; x_wconf 82' lang='lat' dir='ltr'><strong>verba</strong></span> <span class='ocrx_word' id='word_1_157' title='bbox 790 1687 1024 1733; x_wconf 87' lang='lat' dir='ltr'><strong>ejiceremus,</strong></span> <span class='ocrx_word' id='word_1_158' title='bbox 1047 1689 1171 1721; x_wconf 83' lang='lat' dir='ltr'><strong>tamen</strong></span> <span class='ocrx_word' id='word_1_159' title='bbox 1189 1687 1339 1732; x_wconf 83' lang='lat' dir='ltr'><strong>reliqua</strong></span> <span class='ocrx_word' id='word_1_160' title='bbox 1352 1687 1423 1721; x_wconf 85' lang='grc' dir='ltr'><strong><em>ὅσοι</em></strong></span> <span class='ocrx_word' id='word_1_161' title='bbox 1446 1691 1534 1722; x_wconf 67' lang='grc' dir='ltr'><strong><em>’κατὰ</em></strong></span> <span class='ocrx_word' id='word_1_162' title='bbox 1555 1692 1614 1722; x_wconf 76' lang='grc' dir='ltr'><strong>τὸν</strong></span> <span class='ocrx_word' id='word_1_163' title='bbox 1630 1692 1709 1724; x_wconf 77' lang='grc' dir='ltr'><strong><em>Δαί-</em></strong></span> 
     </span>
     <span class='ocr_line' id='line_1_23' title="bbox 143 1763 1709 1809; baseline 0.001 -9"><span class='ocrx_word' id='word_1_164' title='bbox 143 1769 244 1800; x_wconf 73' lang='grc' dir='ltr'><strong><em>δαλον</em></strong></span> <span class='ocrx_word' id='word_1_165' title='bbox 272 1769 320 1809; x_wconf 75' lang='grc' dir='ltr'><strong>μή</strong></span> <span class='ocrx_word' id='word_1_166' title='bbox 349 1764 440 1800; x_wconf 81' lang='grc' dir='ltr'><em>πάνυ</em></span> <span class='ocrx_word' id='word_1_167' title='bbox 468 1766 619 1807; x_wconf 77' lang='grc' dir='ltr'><strong><em>μετέωρα</em></strong></span> <span class='ocrx_word' id='word_1_168' title='bbox 641 1765 726 1807; x_wconf 76' lang='grc' dir='ltr'><strong>μηδὲ</strong></span> <span class='ocrx_word' id='word_1_169' title='bbox 755 1763 870 1809; x_wconf 72' lang='grc' dir='ltr'><strong><em>ὑψηλοὶ</em></strong></span> <span class='ocrx_word' id='word_1_170' title='bbox 891 1764 1079 1809; x_wconf 73' lang='grc' dir='ltr'><strong><em>ἐφρόνησαν</em></strong></span> <span class='ocrx_word' id='word_1_171' title='bbox 1101 1763 1186 1799; x_wconf 75' lang='grc' dir='ltr'><strong><em>ἄλλα</em></strong></span> <span class='ocrx_word' id='word_1_172' title='bbox 1207 1765 1412 1808; x_wconf 65' lang='lat' dir='ltr'><strong>apocynon</strong></span> <span class='ocrx_word' id='word_1_173' title='bbox 1443 1767 1490 1800; x_wconf 92' lang='lat' dir='ltr'><strong>ab</strong></span> <span class='ocrx_word' id='word_1_174' title='bbox 1510 1767 1709 1802; x_wconf 80' lang='lat' dir='ltr'><strong>usitatiore</strong></span> 
     </span>
     <span class='ocr_line' id='line_1_24' title="bbox 144 1842 1711 1893; baseline 0.001 -14"><span class='ocrx_word' id='word_1_175' title='bbox 144 1844 257 1889; x_wconf 88' lang='lat' dir='ltr'><strong>hujus</strong></span> <span class='ocrx_word' id='word_1_176' title='bbox 281 1843 433 1893; x_wconf 58' lang='lat' dir='ltr'><strong>{fabulae</strong></span> <span class='ocrx_word' id='word_1_177' title='bbox 455 1844 603 1879; x_wconf 87' lang='lat' dir='ltr'><strong>ratione</strong></span> <span class='ocrx_word' id='word_1_178' title='bbox 627 1842 856 1890; x_wconf 72' lang='lat' dir='ltr'><strong>discrepant.</strong></span> <span class='ocrx_word' id='word_1_179' title='bbox 901 1843 1081 1889; x_wconf 81' lang='lat' dir='ltr'><strong>Denique</strong></span> <span class='ocrx_word' id='word_1_180' title='bbox 1111 1842 1194 1890; x_wconf 86' lang='lat' dir='ltr'><strong>ipsa</strong></span> <span class='ocrx_word' id='word_1_181' title='bbox 1223 1844 1293 1879; x_wconf 88' lang='lat' dir='ltr'><strong>illa</strong></span> <span class='ocrx_word' id='word_1_182' title='bbox 1316 1845 1433 1880; x_wconf 82' lang='lat' dir='ltr'><strong>verba</strong></span> <span class='ocrx_word' id='word_1_183' title='bbox 1457 1842 1501 1881; x_wconf 74' lang='grc' dir='ltr'><strong>ὦς</strong></span> <span class='ocrx_word' id='word_1_184' title='bbox 1522 1845 1711 1884; x_wconf 74' lang='grc' dir='ltr'><strong><em>νοτίζεσθαι</em></strong></span> 
     </span>
     <span class='ocr_line' id='line_1_25' title="bbox 144 1908 1710 1967; baseline 0.001 -11"><span class='ocrx_word' id='word_1_185' title='bbox 144 1924 247 1957; x_wconf 76' lang='grc' dir='ltr'><strong><em>ἐνίοτε</em></strong></span> <span class='ocrx_word' id='word_1_186' title='bbox 267 1924 311 1965; x_wconf 80' lang='grc' dir='ltr'><strong>τῇ</strong></span> <span class='ocrx_word' id='word_1_187' title='bbox 333 1921 421 1966; x_wconf 78' lang='grc' dir='ltr'><strong><em>ἇλμῇ</em></strong></span> <span class='ocrx_word' id='word_1_188' title='bbox 440 1926 500 1957; x_wconf 72' lang='grc' dir='ltr'><strong>τὸν</strong></span> <span class='ocrx_word' id='word_1_189' title='bbox 520 1921 638 1965; x_wconf 80' lang='grc' dir='ltr'><strong><em>κηρόν,</em></strong></span> <span class='ocrx_word' id='word_1_190' title='bbox 662 1908 695 1956; x_wconf 82' lang='lat' dir='ltr'><strong>si</strong></span> <span class='ocrx_word' id='word_1_191' title='bbox 712 1921 903 1958; x_wconf 86' lang='lat' dir='ltr'><strong>delectum</strong></span> <span class='ocrx_word' id='word_1_192' title='bbox 925 1921 1193 1957; x_wconf 79' lang='lat' dir='ltr'><strong>vocabulorum</strong></span> <span class='ocrx_word' id='word_1_193' title='bbox 1217 1925 1411 1967; x_wconf 83' lang='lat' dir='ltr'><strong>totamque</strong></span> <span class='ocrx_word' id='word_1_194' title='bbox 1435 1923 1619 1958; x_wconf 85' lang='lat' dir='ltr'><strong>orationis</strong></span> <span class='ocrx_word' id='word_1_195' title='bbox 1642 1923 1710 1958; x_wconf 88' lang='lat' dir='ltr'><strong>ha-</strong></span> 
     </span>
     <span class='ocr_line' id='line_1_26' title="bbox 144 1998 1710 2048; baseline 0.002 -14"><span class='ocrx_word' id='word_1_196' title='bbox 144 1998 353 2036; x_wconf 83' lang='lat' dir='ltr'><strong>bitudinem</strong></span> <span class='ocrx_word' id='word_1_197' title='bbox 376 2002 542 2047; x_wconf 84' lang='lat' dir='ltr'><strong>spectas,</strong></span> <span class='ocrx_word' id='word_1_198' title='bbox 573 1999 725 2035; x_wconf 87' lang='lat' dir='ltr'><strong>minime</strong></span> <span class='ocrx_word' id='word_1_199' title='bbox 747 2000 822 2044; x_wconf 89' lang='lat' dir='ltr'><strong>ita,</strong></span> <span class='ocrx_word' id='word_1_200' title='bbox 856 2002 897 2035; x_wconf 85' lang='lat' dir='ltr'><strong>ut</strong></span> <span class='ocrx_word' id='word_1_201' title='bbox 926 1999 973 2034; x_wconf 83' lang='lat' dir='ltr'><strong>ab</strong></span> <span class='ocrx_word' id='word_1_202' title='bbox 998 1999 1273 2046; x_wconf 81' lang='lat' dir='ltr'><strong>interpolatore</strong></span> <span class='ocrx_word' id='word_1_203' title='bbox 1297 2010 1341 2035; x_wconf 86' lang='lat' dir='ltr'><strong>ea</strong></span> <span class='ocrx_word' id='word_1_204' title='bbox 1363 2000 1497 2036; x_wconf 80' lang='lat' dir='ltr'><strong>efficta</strong></span> <span class='ocrx_word' id='word_1_205' title='bbox 1519 2011 1601 2037; x_wconf 82' lang='lat' dir='ltr'><strong>esse</strong></span> <span class='ocrx_word' id='word_1_206' title='bbox 1625 2012 1710 2048; x_wconf 85' lang='lat' dir='ltr'><strong>per-</strong></span> 
     </span>
    </p>
   </div>
   <div class='ocr_carea' id='block_1_8' title="bbox 143 2077 1710 2127">
    <p class='ocr_par' dir='ltr' id='par_1_8' title="bbox 143 2077 1710 2127">
     <span class='ocr_line' id='line_1_27' title="bbox 143 2077 1710 2127; baseline 0.001 -14"><span class='ocrx_word' id='word_1_207' title='bbox 143 2077 302 2114; x_wconf 84' lang='lat' dir='ltr'><strong>suadere</strong></span> <span class='ocrx_word' id='word_1_208' title='bbox 327 2078 423 2114; x_wconf 85' lang='lat' dir='ltr'><strong>mihi</strong></span> <span class='ocrx_word' id='word_1_209' title='bbox 448 2080 608 2125; x_wconf 82' lang='lat' dir='ltr'><strong>possim.</strong></span> <span class='ocrx_word' id='word_1_210' title='bbox 639 2082 853 2124; x_wconf 83' lang='lat' dir='ltr'><strong>comparata</strong></span> <span class='ocrx_word' id='word_1_211' title='bbox 877 2082 980 2120; x_wconf 89' lang='lat' dir='ltr'><strong>sunt,</strong></span> <span class='ocrx_word' id='word_1_212' title='bbox 1016 2078 1084 2113; x_wconf 89' lang='lat' dir='ltr'><strong>sed</strong></span> <span class='ocrx_word' id='word_1_213' title='bbox 1098 2078 1261 2124; x_wconf 87' lang='lat' dir='ltr'><strong>eleganti</strong></span> <span class='ocrx_word' id='word_1_214' title='bbox 1278 2078 1439 2115; x_wconf 85' lang='lat' dir='ltr'><strong>Luciani</strong></span> <span class='ocrx_word' id='word_1_215' title='bbox 1459 2081 1551 2115; x_wconf 87' lang='lat' dir='ltr'><strong>stilo</strong></span> <span class='ocrx_word' id='word_1_216' title='bbox 1568 2079 1710 2127; x_wconf 82' lang='lat' dir='ltr'><strong>dignis-</strong></span> 
     </span>
    </p>
   </div>
  </div>
 </body>
</html>
