1877 2249
881 83 935 124 15

82 221 85 224 -
121 195 340 233 vocabulum
365 197 495 230 ἐκείνων
518 194 653 230 itidem
676 194 718 230 in
740 194 826 241 cod.
852 196 998 232 Gorlic.
1022 194 1347 241 praetermissum,
1372 194 1444 229 etsi
1468 194 1585 239 probe
1607 194 1687 227 scio

119 258 329 321 genitiimm
362 271 572 306 absolutum
613 270 808 318 participii
839 271 942 307 haud
975 282 1061 307 raro
1094 272 1152 306 sic
1185 271 1282 306 nude
1314 272 1404 317 poni
1441 270 1591 305 nomine
1624 275 1687 304 aut

120 351 338 398 pronomine
362 359 437 384 non
461 347 606 392 additu,
628 350 679 391 (v.
703 337 840 385 Matth.
866 349 934 385 Gr.
959 349 1027 386 Gr.
1052 348 1083 395 §-
1103 349 1184 387 563.
1209 362 1246 397 p.
1265 352 1373 392 1110.
1397 360 1453 394 sq.
1479 347 1683 384 Thiersch.

119 428 186 464 Gr.
212 403 278 463 (alr.
311 425 341 471 §.
364 426 443 464 258.
477 438 513 473 p.
537 425 636 468 448.)
676 428 800 464 tamen
835 426 910 462 hoc
940 427 1027 463 loco
1059 427 1248 463 excidisse
1281 428 1433 462 videtur
1469 428 1617 462 incuria
1647 433 1685 461 et

118 515 246 540 errore
269 503 438 542 librarii,
462 505 552 550 quia
575 504 750 550 proxime
772 504 875 544 idem
900 504 1118 540 vocabulum
1143 506 1260 541 ἐκεῖνος
1284 504 1484 550 praecedit.

207 660 251 704 S·
274 658 347 697 22.
375 670 415 705 p.
442 657 520 707 62,
551 657 613 695 11.
671 657 745 693 Κᾶν
773 670 826 694 σοι
856 660 956 702 δοκῇ,
986 656 1256 701 κατεχαλάζησας
1276 656 1387 692 αὐτῶν
1409 658 1586 702 α’φθόνους
1608 663 1683 696 τούς

113 738 231 773 λίθους
260 736 282 778 ἣ
312 737 376 772 τοὶς
398 734 519 772 οὐσίας
541 734 653 785 αὐτῶν
682 733 872 778 ἐδήμευσας.
919 735 1053 771 Codex
1085 735 1318 783 Goquicensis
1351 737 1493 772 omittit
1524 739 1681 772 alterum

114 813 246 854 αὐτῶν,
275 825 321 849 ac
339 817 429 859 jure
451 813 580 858 credo,
607 825 692 849 cum
715 824 790 849 non
813 814 865 849 sit
886 814 1160 856 necessarium,
1194 813 1308 850 immo
1331 826 1447 860 paene
1469 816 1678 860 molestum,

112 891 289 938 quoniam
322 891 542 928 brevissimo
575 890 698 938 spatio
721 890 924 938 interjecto
948 890 1058 927 αὐτῶν
1079 892 1295 939 praecedit,
1327 871 1426 940 Quod
1453 905 1498 928 eo
1523 893 1677 928 facilius

111 952 160 1006 ad
184 973 245 1007 τοὶς
269 970 384 1007 οὐσίας
408 981 557 1017 quoque
589 969 774 1011 refertur,
806 972 895 1018 quia
923 971 1048 1008 verbis
1079 971 1256 1016 ἀφθόνους
1277 976 1356 1009 τούς
1378 975 1496 1009 λίθους
1519 984 1676 1018 praepo-

110 1049 225 1084 situm
248 1051 315 1084 est.
364 1047 440 1084 Sed
464 1048 565 1094 quod
590 1059 681 1084 mox
703 1049 874 1095 sequitur
896 1047 996 1086 αὗτός
1017 1049 1058 1084 in
1081 1048 1141 1085 his
1156 1049 1281 1086 verbis
1304 1049 1382 1085 οὔτε
1405 1052 1442 1084 δὲ
1465 1051 1676 1094 συκοφάντην

109 1131 219 1165 δέδιας
249 1127 348 1166 αὐτὸς
371 1127 447 1163 οὔτε
468 1127 610 1172 λῃστήν,
643 1129 789 1175 pariter
809 1128 849 1163 in
873 1127 1007 1163 codice
1031 1126 1250 1162 Gorlicensi
1275 1126 1602 1172 praetermissum,
1634 1128 1674 1161 id

108 1206 157 1241 ad
190 1206 410 1241 sententiam
443 1206 518 1241 loci
549 1208 678 1252 aptum
710 1208 747 1241 et
770 1205 921 1252 elegans
947 1207 1056 1240 acute
1089 1203 1264 1239 defendit
1297 1203 1496 1250 Klotzius‚
1529 1210 1571 1240 ut
1599 1216 1672 1241 non

107 1283 292 1319 assentiar
323 1283 365 1318 C.
396 1277 440 1318 F.
473 1283 689 1319 Hermanno
721 1283 837 1319 etiam
869 1274 944 1318 hoc
976 1281 1227 1318 inducendum
1261 1293 1341 1319 esse
1376 1288 1572 1328 censente,
1604 1284 1671 1319 sed

107 1363 236 1396 errore
260 1359 412 1396 librarii
426 1360 478 1399 jd
503 1360 690 1397 excidisse
713 1360 807 1397 mihi
828 1360 1013 1397 videatur.

196 1517 240 1562 S.
264 1515 335 1555 23.
356 1526 395 1562 p.
421 1514 490 1566 65,
516 1515 561 1554 8.
610 1517 743 1555 Gallus
766 1516 912 1553 domini
936 1514 1094 1564 Micyui
1117 1519 1257 1553 sortem
1280 1517 1537 1554 felicissimam
1561 1527 1668 1564 prae-

103 1594 234 1630 dicans
266 1594 408 1631 divites
431 1597 471 1630 et
502 1594 671 1631 illustres
694 1595 867 1632 homines
889 1596 1082 1643 comparat
1104 1606 1188 1631 cum
1211 1595 1340 1641 Icaro,
1374 1596 1485 1642 quia,
1518 1571 1603 1630 cum
1627 1596 1667 1630 in

102 1673 217 1726 altum
245 1658 288 1707 se
320 1671 544 1707 sustulerint
575 1674 614 1707 et
644 1671 694 1707 ad
727 1672 846 1715 solem
870 1672 978 1718 quasi
1000 1673 1352 1727 appropinquarint,
1384 1674 1511 1720 ignari
1534 1685 1554 1707 e
1580 1683 1684 1707 cera*

101 1744 177 1806 sihi
199 1749 278 1801 alas
302 1749 527 1797 compositas
550 1760 654 1795 esse,
684 1750 811 1786 subito
836 1749 1062 1798 praecipites
1080 1761 1164 1787 cum
1178 1762 1315 1798 magno
1330 1750 1491 1798 strepitu
1505 1751 1545 1786 in
1562 1760 1665 1786 mare

101 1826 290 1864 decidant.
339 1827 484 1865 Contra
515 1828 582 1876 qui
611 1827 776 1864 Daedali
807 1828 982 1874 exemplo
1014 1839 1089 1864 non
1120 1829 1261 1865 altiora
1289 1832 1419 1876 petant
1446 1829 1514 1865 sed
1539 1832 1664 1864 terrae

98 1907 245 1945 vicinos
274 1918 315 1944 se
341 1910 515 1948 teneant,
546 1909 589 1944 ut
618 1906 763 1943 alarum
794 1917 883 1943 cera
912 1916 1175 1953 nonnunquam
1204 1907 1321 1943 maris
1353 1907 1465 1943 undis
1489 1907 1663 1951 alluatur,

29 2021 36 2029 ,
98 1984 171 2022 hos
201 1984 300 2022 dicit
330 1997 380 2022 ex
412 1985 582 2022 omnibus
612 1984 902 2031 fere-periculis
935 1985 1059 2022 salvos
1089 1989 1128 2032 et
1158 1985 1366 2027 incolumes
1392 1986 1566 2022 evadere.
1615 1986 1662 2021 In

97 2066 265 2102 extremo
297 2064 371 2102 hoc
393 2064 479 2102 loco
503 2065 647 2103 omittit
670 2063 792 2102 codex
816 2063 1051 2101 Gorlicensis
1074 2064 1188 2106 verba
1220 2061 1263 2102 ὥς
1283 2059 1474 2105 &arctamus
1497 2067 1599 2100 ἐνίοτε
1621 2066 1664 2106 τῇ
